@book{kagan,
    author = "Donald Kagan and Frank M. Turner and Steve E. Ozment and Alison Frank",
    title = "The Western Heritage",
    edition = "10th",
    year = "2010",
    publisher = "Prentice Hall",
    address = "London",
    keywords = {brazil},
    note = "\\ \textbf{Annotation:}\\This is an old history book that I used for historical information on Brazil. I mainly used it to find the dates of independence to provide a brief introduction to Brazil."
}

@book{herrington,
    author = "E. Herrington",
    title = "Passport Brazil: Your Pocket Guide to Brazilian Business",
    year = "2001",
    publisher = "World Trade Press",
    keywords = {brazil},
    note = "\\ \textbf{Annotation:}\\This source was where most of my content came from. It has very specific information and is related to the business world."
}

@misc{brazilCIA,
    author = {World Factbook, CIA},
    title = {Brazil},
    year = 2013,
    howpublished = {\url{https://www.cia.gov/library/publications/the-world-factbook/geos/br.html}},
    keywords = {brazil},
    note = "Accessed: 2013-10-26\\ \textbf{Annotation:}\\This site gave me good statistical information. It helped  me get current information about the population, economy, government, religion, and current languages spoken."
}

@misc{brazilWiki,
    author = {Wikipedia},
    title = {Culture of Brazil},
    year = 2013,
    howpublished = {\url{http://en.wikipedia.org/wiki/Culture_of_Brazil}},
    keywords = {brazil},
    note = "Accessed: 2013-10-26\\ \textbf{Annotation:}\\I used this site to find references and used it to get a broad sense of Brazilian culture.",
}
