@book{cultureSmart,
    author = "Anna King",
    title = "Russia - Culture Smart!: The Essential Guide to Customs \& Culture",
    year = "2010",
    publisher = "Kuperard",
    keywords = {russia},
    note = {\\\textbf{Annotation:}\\A great resource that condensed a ton of Russia information into a little book. I used it to learn more about business aspects in Russia.}
}

@book{russianDining1,
    author = "Mary Murray Bosrock",
    title = "Russia: a fearless guide to international communication and behavior",
    year = "1995",
    publisher = "International Education Systems",
    address = "St. Paul, MN",
    keywords = {russia},
    note = {\\\textbf{Annotation:}\\One of my two main resources for dining etiquette in Russia.}
}

@book{bulgakov,
    author = "Mikhail Bulgakov",
    title = "The Master and Margarita",
    year = "1996",
    publisher = "Vintage",
    address = "New York City, NY",
    keywords = {russia},
    note = {translated by: Diana Lewis Burgin and Katherine Tiernan O'Connor\\\textbf{Annotation:}\\Another Russian book I read that revealed some of the more religious/darker sides of Russia.},
}

@book{karamazov,
    author = "Fyodor Dostoyevsky",
    title = "The Brothers Karamazov",
    year = "2002",
    publisher = "Straus and Giroux",
    address = "New York City, NY",
    keywords = {russia},
    note = {translated by: Richard Pevear and Larissa Volokhonsky\\\textbf{Annotation:}\\A book I read that took place in Russia and exposed me to little cultural nuances.},
}

@misc{russianDining2,
    author = {Mike Lininger},
    title = {Russian},
    year = 1999,
    howpublished = {\url{http://www.etiquettescholar.com/dining_etiquette/table-etiquette/europe-e_dinner_etiquette/russian.html}},
    keywords = {russia},
    note = {Accessed: 2013-10-21\\\textbf{Annotation:}\\The second resource I had for dining etiquette. The author, Lininger, had a ton of info from cultures all over the world},
}

@misc{personalExperiences,
    author = {Personal Experiences},
    year = 2007,
    keywords = {russia},
    note = {\\\textbf{Annotation:}\\I spent 3 weeks in Russia},
}

@misc{russianGDP,
    author = {World Factbook, CIA},
    title = {GDP (Official Exchange Rate)},
    year = 2012,
    howpublished = {\url{https://www.cia.gov/library/publications/the-world-factbook/fields/2195.html}},
    keywords = {russia},
    note = {Accessed: 2013-10-23\\\textbf{Annotation:}\\Used it for the GDP info on Russia. It also had many other interesting statistics.},
}
