@misc{lininger,
    author = {Mike Lininger},
    title = {South Africa: International Dining Etiquette},
    year = 2011,
    howpublished = {\url{http://www.etiquettescholar.com/dining_etiquette/table-etiquette/africa-s_table_manners/south_african.html}},
    note = {Accessed: 2013-10-26},
    keywords = {southAfrica},
}

@misc{coplan,
    author = {David Coplan},
    title = {Countries and Their Cultures},
    year = 2013,
    howpublished = {\url{http://www.everyculture.com/Sa-Th/South-Africa.html}},
    note = {Accessed: 2013-10-26},
    keywords = {southAfrica},
}
